<?xml version="1.0" encoding="UTF-8"?><collection xmlns="http://www.loc.gov/MARC21/slim"><record><leader>00424nam--2200157-i-4500</leader><controlfield tag="001">000031173</controlfield><controlfield tag="002">20161230</controlfield><controlfield tag="005">20170127202610</controlfield><controlfield tag="008">060222s1000------------r-----000-0-eng-d</controlfield><datafield ind1=" " ind2=" " tag="080"><subfield code="a">621.311`</subfield></datafield><datafield ind1=" " ind2=" " tag="100"><subfield code="a">Loghinov, B. I</subfield></datafield><datafield ind1=" " ind2=" " tag="245"><subfield code="a">Incercarile in exploatare ale agregatelor de cazan. (trad.din l.rusa)</subfield></datafield><datafield ind1=" " ind2=" " tag="260"><subfield code="a">Bucuresti</subfield><subfield code="b">Edit.Energ.De Stat</subfield><subfield code="c">1954</subfield></datafield><datafield ind1=" " ind2=" " tag="300"><subfield code="a">100 p</subfield></datafield><datafield ind1=" " ind2=" " tag="852"><subfield code="a">3095</subfield></datafield><datafield ind1=" " ind2=" " tag="CAT"><subfield code="a">SYS</subfield><subfield code="c">20170127</subfield><subfield code="h">202610</subfield></datafield></record></collection>